@article{lupung,
  title={A survey of eye tracking methods and applications},
  author={Lupu, Robert Gabriel and Ungureanu, Florina},
  journal={Bul Inst Polit Iasi},
  pages={71--86},
  year={2013}
}

@incollection{wnek2008eye,
  title={Eye tracking: characteristics and methods},
  author={Wnek, Gary E and Bowlin, Gary L and Richardson, Daniel C and Spivey, Michael J},
  booktitle={Encyclopedia of Biomaterials and Biomedical Engineering, Second Edition (Online Version)},
  pages={1028--1032},
  year={2008},
  publisher={CRC Press}
}

@article{ddek,
  title={Introduction to compressed sensing},
  author={Davenport, Mark A and Duarte, Marco F and Eldar, Yonina C and Kutyniok, Gitta},
  journal={Preprint},
  volume={93},
  number={1},
  pages={2},
  year={2011}
}

@article{kutyniok,
  title={Theory and applications of compressed sensing},
  author={Kutyniok, Gitta},
  journal={GAMM-Mitteilungen},
  volume={36},
  number={1},
  pages={79--101},
  year={2013},
  publisher={Wiley Online Library}
}

@book{fourau,
  title={A mathematical introduction to compressive sensing},
  author={Foucart, Simon and Rauhut, Holger},
  volume={1},
  number={3},
  year={2013},
  publisher={Springer}
}

@article{remnie,
  title={Highly sparse representations from dictionaries are unique and independent of the sparseness measure},
  author={Gribonval, R{\'e}mi and Nielsen, Morten},
  journal={Applied and Computational Harmonic Analysis},
  volume={22},
  number={3},
  pages={335--355},
  year={2007},
  publisher={Elsevier}
}

@article{donela,
  title={Maximal sparsity representation via l1 minimization},
  author={Donoho, David L and Elad, Michael},
  journal={submitted to IEEE Trans. Inf. Theory},
  year={2002}
}

@article{fornasier,
  title={Numerical methods for sparse recovery},
  author={Fornasier, Massimo},
  journal={Theoretical foundations and numerical methods for sparse recovery},
  volume={14},
  pages={93--200},
  year={2010},
  publisher={Berlin, Germany: de Gruyter}
}

@article{dontsa,
  title={Fast solution of l1-norm minimization problems when the solution may be sparse, 2006},
  author={Donoho, D and Tsaig, Y},
  journal={Preprint},
  volume={1},
  number={2}
}

@inproceedings{lidade,
  title={Starburst: A hybrid algorithm for video-based eye tracking combining feature-based and model-based approaches},
  author={Li, Dongheng and Winfield, David and Parkhurst, Derrick J},
  booktitle={2005 IEEE Computer Society Conference on Computer Vision and Pattern Recognition (CVPR'05)-Workshops},
  pages={79--79},
  year={2005},
  organization={IEEE}
}

@misc{wrima,
  title={Dense error correction via l1-minimization (2008)(preprint)},
  author={Wright, J and Ma, Y}
}

@techreport{yangetal,
  title={A Review of Fast L (1)-Minimization Algorithms for Robust Face Recognition},
  author={Yang, Allen Y and Genesh, Arvind and Zhou, Zihan and Sastry, S Shankar and Ma, Yi},
  year={2010},
  institution={DTIC Document}
}

@techreport{zhang2008theory,
  title={Theory of compressive sensing via l1-minimization: a non-RIP analysis and extensions, Rice University, Houston},
  author={Zhang, Y},
  year={2008},
  institution={TX, Tech. Rep}
}

@article{liboku,
  title={A Comparison Between Intel RealSense and Tobii Eyex for Gaze Estimation},
  author={Lima, R and Borges, A and Kurauchi, A},
  year={2016}
}

@article{duchowski2002breadth,
  title={A breadth-first survey of eye-tracking applications},
  author={Duchowski, Andrew T},
  journal={Behavior Research Methods, Instruments, \& Computers},
  volume={34},
  number={4},
  pages={455--470},
  year={2002},
  publisher={Springer}
}

@inproceedings{valenti2009webcam,
  title={Webcam-based visual gaze estimation},
  author={Valenti, Roberto and Staiano, Jacopo and Sebe, Nicu and Gevers, Theo},
  booktitle={International Conference on Image Analysis and Processing},
  pages={662--671},
  year={2009},
  organization={Springer}
}

@article{greville1958pseudoinverse,
  title={The pseudoinverse of a rectangular matrix and its statistical applications},
  author={Greville, TNE},
  journal={Amer. Statist. Assoc., Proc. Soc. Statist. Sect},
  pages={116--121},
  year={1958}
}

@inproceedings{whitmire2016eyecontact,
  title={EyeContact: scleral coil eye tracking for virtual reality},
  author={Whitmire, Eric and Trutoiu, Laura and Cavin, Robert and Perek, David and Scally, Brian and Phillips, James and Patel, Shwetak},
  booktitle={Proceedings of the 2016 ACM International Symposium on Wearable Computers},
  pages={184--191},
  year={2016},
  organization={ACM}
} % http://www.cs.cmu.edu/~ltrutoiu/pdfs/ISWC_2016_trutoiu.pdf

% file:///C:/Users/LatinRealSense/Downloads/Andrew%20Duchowski%20BSc,PhD%20(auth.)-Eye%20Tracking%20Methodology_%20Theory%20and%20Practice-Springer-Verlag%20London%20(2007).pdf
@book{duchowski2007eye,
  title={Eye tracking methodology: Theory and practice},
  author={Duchowski, Andrew},
  volume={373},
  year={2007},
  publisher={Springer Science \& Business Media}
}

@book{horn2012matrix,
  title={Matrix analysis},
  author={Horn, Roger A and Johnson, Charles R},
  year={2012},
  publisher={Cambridge university press}
}

@inproceedings{kurauchi2016eyeswipe,
  title={EyeSwipe: Dwell-free Text Entry Using Gaze Paths},
  author={Kurauchi, Andrew and Feng, Wenxin and Joshi, Ajjen and Morimoto, Carlos and Betke, Margrit},
  booktitle={Proceedings of the 2016 CHI Conference on Human Factors in Computing Systems},
  pages={1952--1956},
  year={2016},
  organization={ACM}
}

@article{nielsen2007fancy,
  title={Fancy Formatting, Fancy Words= Looks Like a Promotion= Ignored},
  author={Nielsen, Jakob},
  journal={UseIt. com Alerbox},
  year={2007}
}

@article{bach2012optimization,
  title={Optimization with sparsity-inducing penalties},
  author={Bach, Francis and Jenatton, Rodolphe and Mairal, Julien and Obozinski, Guillaume},
  journal={Foundations and Trends{\textregistered} in Machine Learning},
  volume={4},
  number={1},
  pages={1--106},
  year={2012},
  publisher={Now Publishers Inc.}
}